<?xml version="1.0" encoding="UTF-8"?><collection xmlns="http://www.loc.gov/MARC21/slim"><record><leader>00373nam--2200133-i-4500</leader><controlfield tag="001">000024343</controlfield><controlfield tag="002">20161230</controlfield><controlfield tag="005">20170123174423</controlfield><controlfield tag="008">060222s1000------------r-----000-0-eng-d</controlfield><datafield ind1=" " ind2=" " tag="245"><subfield code="a">Heidelberger taschenbucher. Band 13 quantenmechanik in algebraischer</subfield></datafield><datafield ind1=" " ind2=" " tag="260"><subfield code="a">Berlin</subfield><subfield code="b">Springer-Verlag</subfield><subfield code="c">1966</subfield></datafield><datafield ind1=" " ind2=" " tag="700"><subfield code="a">Green, Herbert S</subfield></datafield><datafield ind1=" " ind2=" " tag="852"><subfield code="a">75755</subfield></datafield><datafield ind1=" " ind2=" " tag="CAT"><subfield code="a">SYS</subfield><subfield code="c">20170123</subfield><subfield code="h">174423</subfield></datafield></record></collection>